<record xmlns="http://www.loc.gov/MARC21/slim" xmlns:xsi="http://www.w3.org/2001/XMLSchema-instance" xsi:schemaLocation="http://www.loc.gov/MARC21/slim http://www.loc.gov/standards/marcxml/schema/MARC21slim.xsd"><leader>02388nam a2200433   4500</leader><controlfield tag="001">002772027</controlfield><controlfield tag="003">NNU</controlfield><controlfield tag="006">m        d        </controlfield><controlfield tag="007">cr cn |||m|||a</controlfield><controlfield tag="008">150223s197u    ir      od    000 0 arar</controlfield><datafield ind1=" " ind2=" " tag="040"><subfield code="a">NNU</subfield><subfield code="b">eng</subfield><subfield code="e">rda</subfield><subfield code="c">NNU</subfield></datafield><datafield ind1="0" ind2=" " tag="041"><subfield code="a">ara</subfield><subfield code="a">per</subfield></datafield><datafield ind1="0" ind2="0" tag="050"><subfield code="a">PJ6636.P4</subfield><subfield code="b">S3 1970z</subfield></datafield><datafield ind1="1" ind2=" " tag="100"><subfield code="6">880-01</subfield><subfield code="a">S&#803;afi&#772;&#697;pu&#772;r, &#699;Abd al-Rah&#803;i&#772;m ibn &#699;Abd al-Kari&#772;m.</subfield></datafield><datafield ind1="1" ind2="0" tag="245"><subfield code="6">880-02</subfield><subfield code="a">Muntaha&#769; al-arab fi&#772; lughat al-&#699;Arab :</subfield><subfield code="b">farhang-i &#699;Arabi&#772; bi-Fa&#772;rsi&#772; /</subfield><subfield code="c">ta&#700;li&#772;f &#699;Abd al-Rah&#803;i&#772;m ibn &#699;Abd al-Kari&#772;m S&#803;afi&#772;&#697;pu&#772;r.</subfield></datafield><datafield ind1="1" ind2="0" tag="246"><subfield code="6">880-03</subfield><subfield code="a">Muntaha&#769; al-arab fi&#772; lughat al-&#699;Arab</subfield></datafield><datafield ind1=" " ind2=" " tag="260"><subfield code="6">880-04</subfield><subfield code="a">[T&#803;ihra&#772;n :</subfield><subfield code="b">Kita&#772;bkha&#772;nah-&#700;i&#772; Sana&#772;&#700;i&#772;,</subfield><subfield code="c">197-?]</subfield></datafield><datafield ind1=" " ind2=" " tag="300"><subfield code="a">online resource (4 volumes in 2 (1398 pages))</subfield></datafield><datafield ind1=" " ind2=" " tag="336"><subfield code="a">text</subfield><subfield code="2">rdacontent</subfield></datafield><datafield ind1=" " ind2=" " tag="337"><subfield code="a">computer</subfield><subfield code="2">rdamedia</subfield></datafield><datafield ind1=" " ind2=" " tag="338"><subfield code="a">online resource</subfield><subfield code="2">rdacarrier</subfield></datafield><datafield ind1=" " ind2=" " tag="500"><subfield code="a">Arabic and Persian.</subfield></datafield><datafield ind1=" " ind2=" " tag="500"><subfield code="a">Reprint. Originally published: Calcutta, 1836-1841.</subfield></datafield><datafield ind1=" " ind2=" " tag="500"><subfield code="a">Part of the Arabic Collections Online (ACO) project, contributed by New York Univeristy Libraries.</subfield></datafield><datafield ind1=" " ind2=" " tag="533"><subfield code="a">Electronic reproduction.</subfield><subfield code="b">New York, N.Y. :</subfield><subfield code="c">New York University,</subfield><subfield code="d">2015.</subfield><subfield code="5">NNU</subfield></datafield><datafield ind1=" " ind2="0" tag="650"><subfield code="a">Arabic language</subfield><subfield code="v">Dictionaries</subfield><subfield code="x">Persian.</subfield></datafield><datafield ind1=" " ind2="7" tag="650"><subfield code="a">Arabic language.</subfield><subfield code="2">fast</subfield><subfield code="0">(OCoLC)fst00812287</subfield></datafield><datafield ind1=" " ind2="7" tag="655"><subfield code="a">Dictionaries.</subfield><subfield code="2">fast</subfield><subfield code="0">(OCoLC)fst01423826</subfield></datafield><datafield ind1="2" ind2=" " tag="710"><subfield code="a">New York University.</subfield><subfield code="b">Libraries.</subfield></datafield><datafield ind1="0" ind2=" " tag="730"><subfield code="a">Arabic Collections Online.</subfield></datafield><datafield ind1="0" ind2="8" tag="776"><subfield code="i">Online version:</subfield><subfield code="a">S&#803;afi&#772;&#697;pu&#772;r, &#699;Abd al-Rah&#803;i&#772;m ibn &#699;Abd al-Kari&#772;m.</subfield><subfield code="t">Muntaha&#769; al-arab fi&#772; lughat al-&#699;Arab.</subfield><subfield code="d">[Tehran] : Kita&#772;bkha&#772;nah-&#700;i&#772; Sana&#772;&#700;i&#772;, 197-]</subfield><subfield code="w">(OCoLC)649010488</subfield></datafield><datafield ind1="0" ind2="8" tag="776"><subfield code="i">Print version:</subfield><subfield code="a">S&#803;afi&#772;&#697;pu&#772;r, &#699;Abd al-Rah&#803;i&#772;m ibn &#699;Abd al-Kari&#772;m.</subfield><subfield code="t">Muntaha&#769; al-arab fi&#772; lughat al-&#699;Arab</subfield><subfield code="w">(NNU)002772027</subfield><subfield code="w">(DLC)   84931302</subfield></datafield><datafield ind1="4" ind2="0" tag="856"><subfield code="u">http://hdl.handle.net/2333.1/rv15dxg9</subfield></datafield><datafield ind1="1" ind2=" " tag="880"><subfield code="6">100-01/</subfield><subfield code="a">&#1589;&#1601;&#1610;&#1662;&#1608;&#1585;&#1548; &#1593;&#1576;&#1583; &#1575;&#1604;&#1585;&#1581;&#1610;&#1605; &#1576;&#1606; &#1593;&#1576;&#1583; &#1575;&#1604;&#1603;&#1585;&#1610;&#1605;.</subfield></datafield><datafield ind1="1" ind2="0" tag="880"><subfield code="6">245-02/</subfield><subfield code="a">:&#1605;&#1606;&#1578;&#1607;&#1609; &#1575;&#1604;&#1575;&#1585;&#1576; &#1601;&#1610; &#1604;&#1594;&#1577; &#1575;&#1604;&#1593;&#1585;&#1576;</subfield><subfield code="b">&#1601;&#1585;&#1607;&#1606;&#1711; &#1593;&#1585;&#1576;&#1609;-&#8204;&#1576;&#1601;&#1575;&#1585;&#1587;&#1609; /</subfield><subfield code="c">&#1578;&#1575;&#1604;&#1610;&#1601; &#1593;&#1576;&#1583; &#1575;&#1604;&#1585;&#1581;&#1610;&#1605; &#1576;&#1606; &#1593;&#1576;&#1583; &#1575;&#1604;&#1603;&#1585;&#1610;&#1605; &#1589;&#1601;&#1609;&#8204;&#1662;&#1608;&#1585;.</subfield></datafield><datafield ind1="1" ind2="0" tag="880"><subfield code="6">246-03/</subfield><subfield code="a">&#1605;&#1606;&#1578;&#1607;&#1609; &#1575;&#1604;&#1575;&#1585;&#1576; &#1601;&#1610; &#1604;&#1594;&#1577; &#1575;&#1604;&#1593;&#1585;&#1576;</subfield></datafield><datafield ind1=" " ind2=" " tag="880"><subfield code="6">260-04/</subfield><subfield code="a">[&#1591;&#1607;&#1585;&#1575;&#1606; :</subfield><subfield code="b">&#1603;&#1578;&#1575;&#1576;&#1582;&#1575;&#1606;&#1728; &#1587;&#1606;&#1575;&#1574;&#1609;&#1548;</subfield><subfield code="c">197-?]</subfield></datafield><datafield ind1=" " ind2=" " tag="959"><subfield code="a">NNU</subfield><subfield code="b">WEB</subfield><subfield code="c">GENI</subfield><subfield code="t">0</subfield><subfield code="m">Electronic access</subfield><subfield code="s">01</subfield></datafield><datafield ind1=" " ind2=" " tag="999"><subfield code="i">NNU_002772027</subfield><subfield code="s">nyu_aco000048:v.1/2</subfield><subfield code="s">nyu_aco000049:v.3/4</subfield></datafield></record>